<?xml version="1.0" encoding="UTF-8"?><collection xmlns="http://www.loc.gov/MARC21/slim"><record><leader>00666nam--2200181-i-4500</leader><controlfield tag="001">000020127</controlfield><controlfield tag="002">20161230</controlfield><controlfield tag="005">20161230201033</controlfield><controlfield tag="008">060222s1000------------r-----000-0-eng-d</controlfield><datafield ind1=" " ind2=" " tag="020"><subfield code="a">0854981438</subfield></datafield><datafield ind1=" " ind2=" " tag="080"><subfield code="a">537.533.35(061.3)</subfield></datafield><datafield ind1="1" ind2=" " tag="100"><subfield code="a">Mulvey, T</subfield></datafield><datafield ind1="1" ind2="0" tag="245"><subfield code="a">Electron microscopy and analysis, 1979</subfield><subfield code="b">Proceedings of the institute of physics electron microscopy and analysis group conference held at the university of sussex, brighton, 3-6 september 1979 (emag 79)</subfield><subfield code="c">T. mulvey (ed.)</subfield></datafield><datafield ind1=" " ind2=" " tag="260"><subfield code="a">Bristol</subfield><subfield code="b">The Institute Of Physics</subfield><subfield code="c">1980</subfield></datafield><datafield ind1=" " ind2=" " tag="300"><subfield code="a">472 P</subfield></datafield><datafield ind1=" " ind2=" " tag="490"><subfield code="a">Conference Series Number 52</subfield></datafield><datafield ind1=" " ind2=" " tag="852"><subfield code="a">75689</subfield><subfield code="c">537.533.35</subfield></datafield><datafield ind1=" " ind2=" " tag="CAT"><subfield code="a">Sys</subfield><subfield code="c">20110915</subfield><subfield code="h">100405</subfield></datafield></record></collection>